@ARTICLE{muscleResponse,
   author       = {R. Baranski. and A.Kozupa.},
   title        = {Hand grip-EMG muscle response},
   journal      = {ACTA physica polonica A},
   volume       = {125}, 
   pages        = {A-7},
   year         = {2014},
}

@online{NueronSpikerbox,
  author = {Backyard Brains},
  title = {Nueron Spikerbox},
  url = {https://backyardbrains.com/products/spikerbox},
}

